<?xml version="1.0" encoding="UTF-8"?><collection xmlns="http://www.loc.gov/MARC21/slim"><record><leader>00329nam--2200133-i-4500</leader><controlfield tag="001">000002042</controlfield><controlfield tag="002">20161230</controlfield><controlfield tag="005">20161230201024</controlfield><controlfield tag="008">060222s1000------------r-----000-0-eng-d</controlfield><datafield ind1=" " ind2=" " tag="100"><subfield code="a">Esayan, Mariana</subfield></datafield><datafield ind1=" " ind2=" " tag="245"><subfield code="a">Esayan, leon</subfield></datafield><datafield ind1=" " ind2=" " tag="260"><subfield code="a">Cromatografia Gazelor</subfield></datafield><datafield ind1=" " ind2=" " tag="490"><subfield code="a">Bucuresti, Ed.Tehnica, 1957. 160 P</subfield></datafield><datafield ind1=" " ind2=" " tag="852"><subfield code="a">545.7:545.844</subfield></datafield></record></collection>